@inproceedings{burrows2006chubby,
  title={The Chubby lock service for loosely-coupled distributed systems},
  author={Burrows, Mike},
  booktitle={Proceedings of the 7th symposium on Operating systems design and implementation},
  pages={335--350},
  year={2006},
  organization={USENIX Association}
}

@article{Lamport01,
	author = "L. Lamport",
	title = "Paxos made simple",
        journal = "ACM SIGACT News",
        volume = "32",
        number="4",
        year = "2001",
        pages = "18--25",
}
@article{Chandra07,
	author="T. Chandra, R. Griesemer, J. Redstone",
	title="Paxos Made Live -- An Engineering Perspective",
	journal="PODC",
	volume="26",
	year="2007",
	pages="398--407",
}
@inproceedings{Krohn07,
	 author = {Krohn, Maxwell and Kohler, Eddie and Kaashoek, M. Frans},
	 title = {Events Can Make Sense},
	 booktitle = {2007 USENIX Annual Technical Conference on Proceedings of the USENIX Annual 	Technical Conference},
	 series = {ATC'07},
	 year = {2007},
	 isbn = {999-8888-77-6},
	 location = {Santa Clara, CA},
	 pages = {7:1--7:14},
	 articleno = {7},
	 numpages = {14},
	 url = {http://dl.acm.org/citation.cfm?id=1364385.1364392},
	 acmid = {1364392},
	 publisher = {USENIX Association},
	 address = {Berkeley, CA, USA},
} 

